<?xml version="1.0" encoding="UTF-8"?><record xmlns="http://www.loc.gov/MARC21/slim" xmlns:cinclude="http://apache.org/cocoon/include/1.0" xmlns:zs="http://www.loc.gov/zing/srw/">
  <leader>00413nz  a2200133n  4500</leader>
  <controlfield tag="001">no2010039879</controlfield>
  <controlfield tag="003">DLC</controlfield>
  <controlfield tag="005">20100311075250.0</controlfield>
  <controlfield tag="008">100309n| acannaabn          |n aaa     c</controlfield>
  <datafield tag="010" ind1=" " ind2=" ">
    <subfield code="a">no2010039879</subfield>
  </datafield>
  <datafield tag="035" ind1=" " ind2=" ">
    <subfield code="a">(OCoLC)oca08419370</subfield>
  </datafield>
  <datafield tag="040" ind1=" " ind2=" ">
    <subfield code="a">KyU-Mu</subfield>
    <subfield code="b">eng</subfield>
    <subfield code="c">KyU-Mu</subfield>
  </datafield>
  <datafield tag="100" ind1="1" ind2=" ">
    <subfield code="a">Schürmer, Aleks,</subfield>
    <subfield code="d">1981-</subfield>
  </datafield>
  <datafield tag="670" ind1=" " ind2=" ">
    <subfield code="a">Schürmer, A. Berçeuse muzette, 2006, c2004:</subfield>
    <subfield code="b">t.p. (Aleks Schürmer) p. 7 (Aleks Schürmer, b. 1981)</subfield>
  </datafield>
</record>